<?xml version="1.0" encoding="UTF-8"?><record xmlns="http://www.loc.gov/MARC21/slim" xmlns:cinclude="http://apache.org/cocoon/include/1.0" xmlns:zs="http://www.loc.gov/zing/srw/">
  <leader>00502cz  a2200157n  4500</leader>
  <controlfield tag="001">n  97079528 </controlfield>
  <controlfield tag="003">DLC</controlfield>
  <controlfield tag="005">20000304133724.0</controlfield>
  <controlfield tag="008">970807n| acannaabn          |a aaa      </controlfield>
  <datafield tag="010" ind1=" " ind2=" ">
    <subfield code="a">n  97079528 </subfield>
  </datafield>
  <datafield tag="035" ind1=" " ind2=" ">
    <subfield code="a">(OCoLC)oca04403235</subfield>
  </datafield>
  <datafield tag="040" ind1=" " ind2=" ">
    <subfield code="a">DLC</subfield>
    <subfield code="c">DLC</subfield>
    <subfield code="d">AzTeS</subfield>
  </datafield>
  <datafield tag="100" ind1="1" ind2=" ">
    <subfield code="a">Mourard, Denis</subfield>
  </datafield>
  <datafield tag="400" ind1="1" ind2=" ">
    <subfield code="a">Mourard, D.</subfield>
    <subfield code="q">(Denis)</subfield>
  </datafield>
  <datafield tag="670" ind1=" " ind2=" ">
    <subfield code="a">High angular resolution in astrophysics, 1997:</subfield>
    <subfield code="b">CIP t.p. (Denis Mourard)</subfield>
  </datafield>
  <datafield tag="670" ind1=" " ind2=" ">
    <subfield code="a">Proposed optical interferometer with automated deployment, 1990:</subfield>
    <subfield code="b">t.p. (D. Mourard)</subfield>
  </datafield>
</record>